@inproceedings {203878,
	author = {Shuai Wang and Pei Wang and Xiao Liu and Danfeng Zhang and Dinghao Wu},
	title = {{CacheD}: Identifying Cache-Based Timing Channels in Production Software},
	booktitle = {USENIX Security 17},
	addresssssssss = {Vancouver, BC},
	pagessssssssss = {235--252},
}

@inproceedings {217537,
	author = {Samuel Weiser and Andreas Zankl and Raphael Spreitzer and Katja Miller and Stefan Mangard and Georg Sigl},
	title = {{DATA} {\textendash} Differential Address Trace Analysis: Finding Address-based Side-Channels in Binaries},
	booktitle = {USENIX Security 18},
	addresssssssss = {Baltimore, MD},
	pagessssssssss = {603--620},
}

@inproceedings {191010,
	author = {Daniel Gruss and Raphael Spreitzer and Stefan Mangard},
	title = {Cache Template Attacks: Automating Attacks on Inclusive Last-Level Caches},
	booktitle = {USENIX Security 15},
	addresssssssss = {Washington, D.C.},
	pagessssssssss = {897--912},
}

@INPROCEEDINGS{7163052, 
	author={Y. Xu and W. Cui and M. Peinado}, 
	booktitle={IEEE Symposium on Security and Privacy 2015}, 
	title={Controlled-Channel Attacks: Deterministic Side Channels for Untrusted Operating Systems},  
	pagessssssssss={640--656}, 
	monthhhhhhhhhhhh={May},
}

@article{DBLP:journals/jce/GeYCH18,
	author    = {Qian Ge and
		Yuval Yarom and
		David Cock and
	Gernot Heiser},
	title     = {A survey of microarchitectural timing attacks and countermeasures
	on contemporary hardware},
	journal   = {J. Cryptographic Engineering},
	volume    = {8},
	number    = {1},
	pagessssssssss     = {1--27},
	year      = {2018},
}

@INPROCEEDINGS{7536389, 
	author={C. S. Pasareanu and Q. Phan and P. Malacaria}, 
	booktitle={CSF 2016}, 
	title={Multi-run Side-Channel Analysis Using Symbolic Execution and Max-SMT}, 
	year={2016}, 
	pagessssssssss={387--400}, 
	monthhhhhhhhhhhh={June},
}

@InProceedings{10.1007/978-3-642-00596-1_21,
	author="Smith, Geoffrey",
	editor="de Alfaro, Luca",
	title="On the Foundations of Quantitative Information Flow",
	booktitle="Foundations of Software Science and Computational Structures",
	year="2009",
	publisher="Springer Berlin Heidelberg",
	addresssssssss="Berlin, Heidelberg",
	pagessssssssss="288--302",
}

@InProceedings{10.1007/978-3-642-31424-7_40,
	author="Kopf, Boris
	and Mauborgne, Laurent
	and Ochoa, Martn",
	editor="Madhusudan, P.
	and Seshia, Sanjit A.",
	title="Automatic Quantification of Cache Side-Channels",
	booktitle="Computer Aided Verification",
	year="2012",
	publisher="Springer Berlin Heidelberg",
	addresssssssss="Berlin, Heidelberg",
	pagessssssssss="564--580",
}

@article{langley2010ctgrind,
  title={ctgrind-checking that functions are constant time with Valgrind, 2010},
  author={Langley, Adam},
  journal={URL https://github. com/agl/ctgrind},
  volume={84},
  year={2010}
}

@inproceedings{182946,
	author = {Goran Doychev and Dominik Feld and Boris Kopf and Laurent Mauborgne and Jan Reineke},
	title = {{CacheAudit}: A Tool for the Static Analysis of Cache Side Channels},
	booktitle = {USENIX Security 13},
	addresssssssss = {Washington, D.C.},
	pagessssssssss = {431--446},
}

@inproceedings{shoshitaishvili2016state,
	title={{SoK}: (State of) The Art of War: Offensive Techniques in Binary Analysis},
	author={Shoshitaishvili, Yan and Wang, Ruoyu and Salls, Christopher and
		Stephens, Nick and Polino, Mario and Dutcher, Audrey and Grosen, John and
	Feng, Siji and Hauser, Christophe and Kruegel, Christopher and Vigna, Giovanni},
	booktitle={IEEE Symposium on Security and Privacy},
	year={2016}
}

@InProceedings{10.1007/978-3-642-22110-1_37,
	author="Brumley, David
	and Jager, Ivan
	and Avgerinos, Thanassis
	and Schwartz, Edward J.",
	editor="Gopalakrishnan, Ganesh
	and Qadeer, Shaz",
	title="BAP: A Binary Analysis Platform",
	booktitle="Computer Aided Verification",
	year="2011",
	addresssssssss="Berlin, Heidelberg",
	pagessssssssss="463--469",
}

@manual{intelsys,
author = {{Intel Corporation}},
title  = {{Intel\textsuperscript{\textregistered} 64 and IA-32 Architectures Software Developer's Manual}},
year   = {2019},
}

@inproceedings {217563,
	author = {Insu Yun and Sangho Lee and Meng Xu and Yeongjin Jang and Taesoo Kim},
	title = {{QSYM}: A Practical Concolic Execution Engine Tailored for Hybrid Fuzzing},
	booktitle = {USENIX Security 18},
	addresssssssss = {Baltimore, MD},
	pagessssssssss = {745--761},
}

@inproceedings {184415,
	author = {Yuval Yarom and Katrina Falkner},
	title = {{FLUSH+RELOAD}: A High Resolution, Low Noise, {L3} Cache Side-Channel Attack},
	booktitle = {USENIX Security 14},
	addresssssssss = {San Diego, CA},
	pagessssssssss = {719--732},
}

@inproceedings{Osvik2006,
	author = {Osvik, Dag Arne and Shamir, Adi and Tromer, Eran},
	title = {Cache Attacks and Countermeasures: The Case of {AES}},
	booktitle = {Proceedings of the 2006 The Cryptographers' Track at the RSA Conference on Topics in Cryptology},
	series = {CT-RSA'06},
	year = {2006},
	location = {San Jose, CA},
	pagessssssssss = {1--20},
	publisher = {Springer-Verlag},
} 

@inproceedings {236338,
author = {Shuai Wang and Yuyan Bao and Xiao Liu and Pei Wang and Danfeng Zhang and Dinghao Wu},
title = {Identifying Cache-Based Side Channels through Secret-Augmented Abstract Interpretation},
booktitle = {USENIX Security 19},
addresssssssss = {Santa Clara, CA},
}

@misc{hornby2011side,
	title={Side-channel attacks on everyday applications: distinguishing inputs with {FLUSH+RELOAD}. Black Hat USA (2016)},
	author={Hornby, T},
	year={2011}
}

@inproceedings{McCamantE2008,
	author = {Stephen McCamant and Michael D. Ernst},
	title = {Quantitative information flow as network flow capacity},
	booktitle = {PLDI 2008},
	pagessssssssss = {193--205},
	addresssssssss = {Tucson, AZ, USA},
	monthhhhhhhhhhhh = jun,
}

@article{Phan:2012:SQI:2382756.2382791,
 author = {Phan, Quoc-Sang and Malacaria, Pasquale and Tkachuk, Oksana and P\u{a}s\u{a}reanu, Corina S.},
 title = {Symbolic Quantitative Information Flow},
 journal = {SIGSOFT Softw. Eng. Notes},
 issue_date = {November 2012},
 volume = {37},
 number = {6},
 year = {2012},
 issn = {0163-5948},
 pagessssssssss = {1--5},
 publisher = {ACM},
} 

@inproceedings{Chattopadhyay:2017:QIL:3127041.3127044,
 author = {Chattopadhyay, Sudipta and Beck, Moritz and Rezine, Ahmed and Zeller, Andreas},
 title = {Quantifying the Information Leak in Cache Attacks via Symbolic Execution},
 booktitle = {MEMOCODE '17},
 location = {Vienna, Austria},
 pagessssssssss = {25--35},
} 

@manual{OpenSSL:Security:Policy,
	title  = "Security Policy",
	author = "OpenSSL",
	url    = "https://www.openssl.org/policies/secpolicy.html",
	year   = "2019",
	monthhhhhhhhhhhh =may,
}

@InProceedings{10.1007/11499107_24,
	author="Wei, Wei
	and Selman, Bart",
	editor="Bacchus, Fahiem
	and Walsh, Toby",
	title="A New Approach to Model Counting",
	booktitle="Theory and Applications of Satisfiability Testing",
	year="2005",
	publisher="Springer Berlin Heidelberg",
	addresssssssss="Berlin, Heidelberg",
	pagessssssssss="324--339",
}

@inproceedings{Wei2004TowardsES,
	title={Towards Efficient Sampling: Exploiting Random Walk Strategies},
	author={Wei Wei and Jordan Erenrich and Bart Selman},
	booktitle={AAAI},
	year={2004}
}

@inproceedings{Wichelmann:2018:MFF:3274694.3274741,
	author = {Wichelmann, Jan and Moghimi, Ahmad and Eisenbarth, Thomas and Sunar, Berk},
	title = {MicroWalk: A Framework for Finding Side Channels in Binaries},
	booktitle = {ACSAC '18},
	year = {2018},
	location = {San Juan, PR, USA},
	pagessssssssss = {161--173},
	numpagessssssssss = {13},
	doi = {10.1145/3274694.3274741},
	acmid = {3274741},
} 

@INPROCEEDINGS{Brotzman19Casym,
	author={Robert Brotzman and Shen Liu and Danfeng Zhang and Gang Tan and Mahmut Kandemir},
	title={{CaSym}: Cache Aware Symbolic Execution for Side Channel Detection and Mitigation},
	pagessssssssss = {364--380},
	booktitle= {IEEE Symposium on Security and Privacy 2019},
}

@inproceedings{agrawal2002side,
	title={The {EM} side-channel(s)},
	author={Agrawal, Dakshi and Archambeault, Bruce and Rao, Josyula R and Rohatgi, Pankaj},
	booktitle={International Workshop on Cryptographic Hardware and Embedded Systems},
	pagessssssssss={29--45},
	year={2002},
	organization={Springer}
}

@inproceedings{kar20178,
	title={Improved power-side-channel-attack resistance of an AES-128 core via a security-aware integrated buck voltage regulator},
	author={Kar, Monodeep and Singh, Arvind and Mathew, Sanu and Rajan, Anand and De, Vivek and Mukhopadhyay, Saibal},
	booktitle={ISSCC 2017},
	pagessssssssss={142--143},
}

@inproceedings{chari1999towards,
	title={Towards sound approaches to counteract power-analysis attacks},
	author={Chari, Suresh and Jutla, Charanjit S and Rao, Josyula R and Rohatgi, Pankaj},
	booktitle={Annual International Cryptology Conference},
	pagessssssssss={398--412},
	year={1999},
	organization={Springer}
}

@inproceedings {217605,
	author = {Monjur Alam and Haider Adnan Khan and Moumita Dey and Nishith Sinha and Robert Callan and Alenka Zajic and Milos Prvulovic},
	title = {One\&Done: A Single-Decryption EM-Based Attack on OpenSSL{\textquoteright}s Constant-Time Blinded {RSA}},
	booktitle = {{USENIX} Security 18},
	isbn = {978-1-939133-04-5},
	addresssssssss = {Baltimore, MD},
	pagessssssssss = {585--602},
}

@inproceedings {217543,
	author = {Jo Van Bulck and Marina Minkin and Ofir Weisse and Daniel Genkin and Baris Kasikci and Frank Piessens and Mark Silberstein and Thomas F. Wenisch and Yuval Yarom and Raoul Strackx},
	title = {Foreshadow: Extracting the Keys to the Intel {SGX} Kingdom with Transient Out-of-Order Execution},
	booktitle = {{USENIX} Security 18},
	isbn = {978-1-939133-04-5},
	addresssssssss = {Baltimore, MD},
	pagessssssssss = {991{\textendash}1008},
}

@inproceedings {217589,
	author = {Stephan van Schaik and Cristiano Giuffrida and Herbert Bos and Kaveh Razavi},
	title = {Malicious Management Unit: Why Stopping Cache Attacks in Software is Harder Than You Think},
	booktitle = {{USENIX} Security 18},
	isbn = {978-1-939133-04-5},
	addresssssssss = {Baltimore, MD},
	pagessssssssss = {937--954},
}

@inproceedings{lee2017inferring,
	title={Inferring Fine-grained Control Flow Inside {SGX} Enclaves with Branch Shadowing},
	author={Lee, Sangho and Shih, Ming-Wei and Gera, Prasun and Kim, Taesoo and Kim, Hyesoon and Peinado, Marcus},
	booktitle={{USENIX} Security 17},
	pagessssssssss={557--574},
}

@inproceedings{genkin2014rsa,
	title={{RSA} key extraction via low-bandwidth acoustic cryptanalysis},
	author={Genkin, Daniel and Shamir, Adi and Tromer, Eran},
	booktitle={Annual Cryptology Conference},
	pagessssssssss={444--461},
	year={2014},
	organization={Springer}
}

@INPROCEEDINGS{5207642,
	author={Backes, Michael and K{\"o}pf, Boris and Rybalchenko, Andrey},
	booktitle={IEEE Symposium on Security and Privacy 2009},
	title={Automatic Discovery and Quantification of Information Leaks},
	volume={},
	number={},
	pagessssssssss={141-153},
	doi={10.1109/SP.2009.18},
	ISSN={},
	monthhhhhhhhhhhh={May},
}

@inproceedings{shih2017t,
	title={T-SGX: Eradicating Controlled-Channel Attacks Against Enclave Programs.},
	author={Shih, Ming-Wei and Lee, Sangho and Kim, Taesoo and Peinado, Marcus},
	booktitle={NDSS 2017},
}

@inproceedings{liu2015last,
	title={Last-level cache side-channel attacks are practical},
	author={Liu, Fangfei and Yarom, Yuval and Ge, Qian and Heiser, Gernot and Lee, Ruby B},
	booktitle={IEEE Symposium on Security and Privacy 2015},
	pagessssssssss={605--622},
}

@inproceedings{konighofer2008fast,
	title={A fast and cache-timing resistant implementation of the {AES}},
	author={K{\"o}nighofer, Robert},
	booktitle={Cryptographers' Track at the RSA Conference},
	pagessssssssss={187--202},
	year={2008},
	organization={Springer}
}

@article{ge2018survey,
	title={A survey of microarchitectural timing attacks and countermeasures on contemporary hardware},
	author={Ge, Qian and Yarom, Yuval and Cock, David and Heiser, Gernot},
	journal={Journal of Cryptographic Engineering},
	volume={8},
	number={1},
	pagessssssssss={1--27},
	year={2018},
	publisher={Springer}
}

@article{szefer2019survey,
	title={Survey of microarchitectural side and covert channels, attacks, and defenses},
	author={Szefer, Jakub},
	journal={Journal of Hardware and Systems Security},
	volume={3},
	number={3},
	pagessssssssss={219--234},
	year={2019},
	publisher={Springer}
}

@inproceedings{Doychev:2017:RAS:3062341.3062388,
	author = {Doychev, Goran and K\"{o}pf, Boris},
	title = {Rigorous Analysis of Software Countermeasures Against Cache Attacks},
	booktitle = {PLDI 2017},
	isbn = {978-1-4503-4988-8},
	location = {Barcelona, Spain},
	pagessssssssss = {406--421},
	numpagessssssssss = {16},
	urllllllllll = {http://doi.acm.org/10.1145/3062341.3062388},
	doi = {10.1145/3062341.3062388},
	acmid = {3062388},
} 

@article{Zhang:2015:HDL:2775054.2694372,
	author = {Zhang, Danfeng and Wang, Yao and Suh, G. Edward and Myers, Andrew C.},
	title = {A Hardware Design Language for Timing-Sensitive Information-Flow Security},
    booktitle = {ASPLOS 2015}
} 

@inproceedings{Gullasch:2011:CGB:2006077.2006784,
	author = {Gullasch, David and Bangerter, Endre and Krenn, Stephan},
	title = {Cache Games -- Bringing Access-Based Cache Attacks on AES to Practice},
	booktitle = {IEEE Symposium on Security and Privacy 2011},
	isbn = {978-0-7695-4402-1},
	pagessssssssss = {490--505},
	numpagessssssssss = {16},
	urllllllllll = {https://doi.org/10.1109/SP.2011.22},
	doi = {10.1109/SP.2011.22},
} 

@InProceedings{10.1007/978-3-540-45238-6_6,
	author="Tsunoo, Yukiyasu
	and Saito, Teruo
	and Suzaki, Tomoyasu
	and Shigeri, Maki
	and Miyauchi, Hiroshi",
	editor="Walter, Colin D.
	and Ko{\c{c}}, {\c{C}}etin K.
	and Paar, Christof",
	title="Cryptanalysis of DES Implemented on Computers with Cache",
	booktitle="Cryptographic Hardware and Embedded Systems - CHES 2003",
	year="2003",
	publisher="Springer Berlin Heidelberg",
}

@article{yarom2017cachebleed,
	title={CacheBleed: a timing attack on OpenSSL constant-time {RSA}},
	author={Yarom, Yuval and Genkin, Daniel and Heninger, Nadia},
	journal={Journal of Cryptographic Engineering},
	volume={7},
	number={2},
	pagessssssssss={99--112},
	year={2017},
	publisher={Springer}
}

@inproceedings {197207,
	author = {Jose Bacelar Almeida and Manuel Barbosa and Gilles Barthe and Fran{\c c}ois Dupressoir and Michael Emmi},
	title = {Verifying Constant-Time Implementations},
	booktitle = {{USENIX} Security 16},
	isbn = {978-1-931971-32-4},
	addresssssssss = {Austin, TX},
	pagessssssssss = {53--70},
	urllllllllll = {https://www.usenix.org/conference/usenixsecurity16/technical-sessions/presentation/almeida},
	monthhhhhhhhhhhh = aug,
}

@article{BacelarAlmeida:2013:FVS:2483313.2483334,
	author = {Bacelar Almeida, J. and Barbosa, Manuel and Pinto, Jorge S. and Vieira, B\'{a}rbara},
	title = {Formal Verification of Side-channel Countermeasures Using Self-composition},
	journal = {Sci. Comput. Program.},
	issue_date = {July, 2013},
	volume = {78},
	number = {7},
	monthhhhhhhhhhhh = jul,
	year = {2013},
	issn = {0167-6423},
	pagessssssssss = {796--812},
	numpagessssssssss = {17},
	urllllllllll = {http://dx.doi.org/10.1016/j.scico.2011.10.008},
	doi = {10.1016/j.scico.2011.10.008},
	acmid = {2483334},
	publisher = {Elsevier North-Holland, Inc.},
	addresssssssss = {Amsterdam, The Netherlands, The Netherlands},
	keywords = {Cryptographic algorithms, Program equivalence, Program verification, Self-composition, Side-channel countermeasures},
} 

@misc{dullien2009reil,
	title={REIL: A platform-independent intermediate representation of disassembled code for static code analysis},
	author={Dullien, Thomas and Porst, Sebastian},
	year={2009},
	publisher={CanSecWest},
}

@article{Page2005PartitionedCA,
	title={Partitioned Cache Architecture as a Side-Channel Defence Mechanism},
	author={Dan Page},
	journal={IACR Cryptology ePrint Archive},
	year={2005},
	volume={2005},
	pagessssssssss={280}
}

@inproceedings{Wang:2007:NCD:1250662.1250723,
	author = {Wang, Zhenghong and Lee, Ruby B.},
	title = {New Cache Designs for Thwarting Software Cache-based Side Channel Attacks},
	booktitle = {ISCA '07},
	isbn = {978-1-59593-706-3},
	location = {San Diego, California, USA},
	pagessssssssss = {494--505},
	numpagessssssssss = {12},
	urllllllllll = {http://doi.acm.org/10.1145/1250662.1250723},
	doi = {10.1145/1250662.1250723},
	acmid = {1250723},
	addresssssssss = {New York, NY, USA},
	keywords = {cache, computer architecture, processor, security, side channel, timing attacks},
} 

@inproceedings{Li:2014:SLH:2541940.2541947,
	author = {Li, Xun and Kashyap, Vineeth and Oberg, Jason K. and Tiwari, Mohit and Rajarathinam, Vasanth Ram and Kastner, Ryan and Sherwood, Timothy and Hardekopf, Ben and Chong, Frederic T.},
	title = {Sapper: A Language for Hardware-level Security Policy Enforcement},
	booktitle = {ASPLOS '14},
	isbn = {978-1-4503-2305-5},
	location = {Salt Lake City, Utah, USA},
	pagessssssssss = {97--112},
	numpagessssssssss = {16},
	urllllllllll = {http://doi.acm.org/10.1145/2541940.2541947},
	doi = {10.1145/2541940.2541947},
	acmid = {2541947},
	addresssssssss = {New York, NY, USA},
	keywords = {hardware description language, non-interference},
} 

@inproceedings{Coppens:2009:PMT:1607723.1608124,
	author = {Coppens, Bart and Verbauwhede, Ingrid and Bosschere, Koen De and Sutter, Bjorn De},
	title = {Practical Mitigations for Timing-Based Side-Channel Attacks on Modern x86 Processors},
	booktitle = {IEEE Symposium on Security and Privacy 2009},
	isbn = {978-0-7695-3633-0},
	pagessssssssss = {45--60},
	numpagessssssssss = {16},
	urllllllllll = {https://doi.org/10.1109/SP.2009.19},
	doi = {10.1109/SP.2009.19},
	acmid = {1608124},
	addresssssssss = {Washington, DC, USA},
} 

@inproceedings{236344,
author = {Mario Werner and Thomas Unterluggauer and Lukas Giner and Michael Schwarz and Daniel Gruss and Stefan Mangard},
title = {ScatterCache: Thwarting Cache Attacks via Cache Set Randomization},
booktitle = {{USENIX} Security 19},
isbn = {978-1-939133-06-9},
addresssssssss = {Santa Clara, CA},
pagessssssssss = {675--692},
urllllllllll = {https://www.usenix.org/conference/usenixsecurity19/presentation/werner},
monthhhhhhhhhhhh = aug,
}

@inproceedings{zhou2018static,
  title={Static evaluation of noninterference using approximate model counting},
  author={Zhou, Ziqiao and Qian, Zhiyun and Reiter, Michael K and Zhang, Yinqian},
  booktitle={IEEE Symposium on Security and Privacy 2018},
}

@article{brickell2006software,
	title={Software mitigations to hedge AES against cache-based software side channel vulnerabilities.},
	author={Brickell, Ernie and Graunke, Gary and Neve, Michael and Seifert, Jean-Pierre},
	journal={IACR Cryptology ePrint Archive},
	volume={2006},
	pagessssssssss={52},
	year={2006},
	publisher={Citeseer}
}

@inproceedings{crane2015thwarting,
	title={Thwarting Cache Side-Channel Attacks Through Dynamic Software Diversity.},
	author={Crane, Stephen and Homescu, Andrei and Brunthaler, Stefan and Larsen, Per and Franz, Michael},
	booktitle={NDSS},
	pagessssssssss={8--11},
	year={2015}
}

@inproceedings{tiwari2011crafting,
	title={Crafting a usable microkernel, processor, and I/O system with strict and provable information flow security},
	author={Tiwari, Mohit and Oberg, Jason K and Li, Xun and Valamehr, Jonathan and Levin, Timothy and Hardekopf, Ben and Kastner, Ryan and Chong, Frederic T and Sherwood, Timothy},
	booktitle={ACM SIGARCH Computer Architecture News},
	volume={39},
	number={3},
	pagessssssssss={189--200},
	year={2011},
	organization={ACM}
}

@inproceedings{rebeiro2006bitslice,
	title={Bitslice implementation of AES},
	author={Rebeiro, Chester and Selvakumar, David and Devi, ASL},
	booktitle={International Conference on Cryptology and Network Security},
	pagessssssssss={203--212},
	year={2006},
	organization={Springer}
}

@inproceedings{Biham:1997:FND:647932.757246,
	author = {Biham, Eli},
	title = {A Fast New DES Implementation in Software},
	booktitle = {Proceedings of the 4th International Workshop on Fast Software Encryption},
	year = {1997},
	isbn = {3-540-63247-6},
	pagessssssssss = {260--272},
	numpagessssssssss = {13},
	urllllllllll = {http://dl.acm.org/citation.cfm?id=647932.757246},
	acmid = {757246},
	publisher = {Springer-Verlag},
	addresssssssss = {London, UK, UK},
} 

@article{Kwan2000ReducingTG,
	title={Reducing the Gate Count of Bitslice DES},
	author={Matthew Kwan},
	journal={IACR Cryptology ePrint Archive},
	year={2000},
	volume={2000},
	pagessssssssss={51}
}

@inproceedings{DeMoura:2008:ZES:1792734.1792766,
 author = {De Moura, Leonardo and Bj{\o}rner, Nikolaj},
 title = {Z3: An Efficient {SMT} Solver},
 booktitle = {TACAS'08/ETAPS'08},
 isbn = {3-540-78799-2, 978-3-540-78799-0},
 location = {Budapest, Hungary},
 pagessssssssss = {337--340},
 numpagessssssssss = {4},
 urllllllllll = {http://dl.acm.org/citation.cfm?id=1792734.1792766},
 acmid = {1792766},
 addresssssssss = {Berlin, Heidelberg},
} 

@InProceedings{Bonneau11894063_16,
author="Bonneau, Joseph
and Mironov, Ilya",
editor="Goubin, Louis
and Matsui, Mitsuru",
title="Cache-Collision Timing Attacks Against AES",
booktitle="CHES 2006",
year="2006",
publisher="Springer Berlin Heidelberg",
addresssssssss="Berlin, Heidelberg",
pagessssssssss="201--215"
}


@inproceedings{wei2005new,
  title={A new approach to model counting},
  author={Wei, Wei and Selman, Bart},
  booktitle={International Conference on Theory and Applications of Satisfiability Testing},
  pages={324--339},
  year={2005},
  organization={Springer}
}

@inproceedings{gomes2007sampling,
  title={From Sampling to Model Counting.},
  author={Gomes, Carla P and Hoffmann, Joerg and Sabharwal, Ashish and Selman, Bart},
  booktitle={IJCAI 2007},
  pages={2293--2299},
  year={2007}
}

@inproceedings{gomes2006model,
  title={Model counting: A new strategy for obtaining good bounds},
  author={Gomes, Carla P and Sabharwal, Ashish and Selman, Bart},
  booktitle={AAAI 2006},
}

@inproceedings{kroc2008leveraging,
  title={Leveraging belief propagation, backtrack search, and statistics for model counting},
  author={Kroc, Lukas and Sabharwal, Ashish and Selman, Bart},
  booktitle={International Conference on Integration of Artificial Intelligence (AI) and Operations Research (OR) Techniques in Constraint Programming},
  pages={127--141},
  year={2008},
  organization={Springer}
}

@article{chistikov2017approximate,
  title={Approximate counting in SMT and value estimation for probabilistic programs},
  author={Chistikov, Dmitry and Dimitrova, Rayna and Majumdar, Rupak},
  journal={Acta Informatica},
  volume={54},
  number={8},
  pages={729--764},
  year={2017},
  publisher={Springer}
}

@article{phan2015model,
  title={Model counting modulo theories},
  author={Phan, Quoc-Sang},
  journal={arXiv preprint arXiv:1504.02796},
  year={2015}
}

@inproceedings{biondi2018scalable,
  title={Scalable approximation of quantitative information flow in programs},
  author={Biondi, Fabrizio and Enescu, Michael A and Heuser, Annelie and Legay, Axel and Meel, Kuldeep S and Quilbeuf, Jean},
  booktitle={International Conference on Verification, Model Checking, and Abstract Interpretation},
  pages={71--93},
  year={2018},
  organization={Springer}
}

@book{robling1982cryptography,
  title={Cryptography and data security},
  author={Robling Denning, Dorothy Elizabeth},
  year={1982},
  publisher={Addison-Wesley Longman Publishing Co., Inc.}
}

@article{gray1992toward,
  title={Toward a mathematical foundation for information flow security},
  author={Gray III, James W},
  journal={Journal of Computer Security},
  volume={1},
  number={3-4},
  pages={255--294},
  year={1992},
  publisher={IOS Press}
}

@techreport{chakraborty2016algorithmic,
  title={Algorithmic improvements in approximate counting for probabilistic inference: From linear to logarithmic SAT calls},
  author={Chakraborty, Supratik and Meel, Kuldeep S and Vardi, Moshe Y},
  year={2016}
}

@inproceedings{aumuller2002fault,
  title={Fault attacks on RSA with {CRT}: Concrete results and practical countermeasures},
  author={Aum{\"u}ller, Christian and Bier, Peter and Fischer, Wieland and Hofreiter, Peter and Seifert, J-P},
  booktitle={International Workshop on Cryptographic Hardware and Embedded Systems},
  pages={260--275},
  year={2002},
  organization={Springer}
}

@article{shannon1948mathematical,
  title={A mathematical theory of communication},
  author={Shannon, Claude E},
  journal={Bell system technical journal},
  volume={27},
  number={3},
  pages={379--423},
  year={1948},
  publisher={Wiley Online Library}
}

@inproceedings{bernstein2012security,
  title={The security impact of a new cryptographic library},
  author={Bernstein, Daniel J and Lange, Tanja and Schwabe, Peter},
  booktitle={International Conference on Cryptology and Information Security in Latin America},
  pages={159--176},
  year={2012},
  organization={Springer}
}

@manual{libsodium,
      title  = "LibSodium",
      url    = "https://libsodium.org",
    }

@inproceedings{kocher1996timing,
  title={Timing attacks on implementations of Diffie-Hellman, RSA, DSS, and other systems},
  author={Kocher, Paul C},
  booktitle={Annual International Cryptology Conference},
  pages={104--113},
  year={1996},
  organization={Springer}
}

@article{clark2007static,
  title={A static analysis for quantifying information flow in a simple imperative language},
  author={Clark, David and Hunt, Sebastian and Malacaria, Pasquale},
  journal={Journal of Computer Security},
  volume={15},
  number={3},
  pages={321--371},
  year={2007},
  publisher={IOS Press}
} 



@inproceedings {236334,
author = {Klaus v. Gleissenthall and Rami G{\"o}khan K{\i}c{\i} and Deian Stefan and Ranjit Jhala},
title = {{IODINE}: Verifying Constant-Time Execution of Hardware},
booktitle = {{USENIX} Security 19},
isbn = {978-1-939133-06-9},
}

@inproceedings{zhang2010sidebuster,
  title={Sidebuster: automated detection and quantification of side-channel leaks in web application development},
  author={Zhang, Kehuan and Li, Zhou and Wang, Rui and Wang, XiaoFeng and Chen, Shuo},
  booktitle={CCS 2010},
}

@inproceedings{pasareanu2016multi,
  title={Multi-run side-channel analysis using Symbolic Execution and {Max-SMT}},
  author={Pasareanu, Corina S and Phan, Quoc-Sang and Malacaria, Pasquale},
  booktitle={IEEE 29th Computer Security Foundations Symposium (CSF) 2016},
  pages={387--400},
  organization={IEEE}
}

@InProceedings{AskarovC12,
  author =       {Aslan Askarov and Stephen Chong},
  title =        {Learning is Change in Knowledge: Knowledge-based Security for Dynamic Policies},
  booktitle =    {IEEE 25th Computer Security Foundations Symposium (CSF) 2012},
  pages =        {308--322},
  publisher =    {IEEE},
}

@inproceedings{moghimi2020copycat,
  title={{CopyCat: Controlled Instruction-Level Attacks on Enclaves}},
  author={Moghimi, Daniel and Van Bulck, Jo and Heninger, Nadia and Piessens, Frank and Sunar, Berk},
  booktitle={USENIX Security 20},

}

@inproceedings{godefroid2008automated,
  title={Automated Whitebox Fuzz Testing.},
  author={Godefroid, Patrice and Levin, Michael Y and Molnar, David A and others},
  booktitle={NDSS},
  volume={8},
  pages={151--166},
  year={2008}
}

@inproceedings{song2008bitblaze,
  title={BitBlaze: A new approach to computer security via binary analysis},
  author={Song, Dawn and Brumley, David and Yin, Heng and Caballero, Juan and Jager, Ivan and Kang, Min Gyung and Liang, Zhenkai and Newsome, James and Poosankam, Pongsin and Saxena, Prateek},
  booktitle={International Conference on Information Systems Security},
  pages={1--25},
  year={2008},
  organization={Springer}
}